<record><leader>00000cas a22000007a 4500</leader><controlfield tag="001">18364670</controlfield><controlfield tag="008">880817d19481949nyuwr ne      0    0eng d</controlfield><datafield ind1=" " ind2=" " tag="010"><subfield code="a">sn 88074677 </subfield></datafield><datafield ind1=" " ind2=" " tag="040"><subfield code="a">NYS</subfield><subfield code="b">eng</subfield><subfield code="c">NYS</subfield><subfield code="d">NYG</subfield><subfield code="d">OCLCQ</subfield></datafield><datafield ind1=" " ind2=" " tag="042"><subfield code="a">msc</subfield></datafield><datafield ind1="0" ind2="0" tag="245"><subfield code="a">Clifton Springs review.</subfield></datafield><datafield ind1=" " ind2=" " tag="260"><subfield code="a">Clifton Springs, N.Y. :</subfield><subfield code="b">Erwin W. Spafford,</subfield><subfield code="c">1948-1949.</subfield></datafield><datafield ind1=" " ind2=" " tag="300"><subfield code="a">2 v.</subfield></datafield><datafield ind1=" " ind2=" " tag="310"><subfield code="a">Weekly</subfield></datafield><datafield ind1="0" ind2=" " tag="362"><subfield code="a">Vol. 1, no. 1 (Feb. 27, 1948)-v. 2, no. 16 (June 9, 1949).</subfield></datafield><datafield ind1=" " ind2="4" tag="651"><subfield code="a">Clifton Springs (N.Y.)</subfield><subfield code="v">Newspapers.</subfield></datafield><datafield ind1=" " ind2=" " tag="752"><subfield code="a">United States</subfield><subfield code="b">New York</subfield><subfield code="c">Ontario</subfield><subfield code="d">Clifton Springs.</subfield></datafield><datafield ind1="0" ind2="4" tag="785"><subfield code="t">Phelps citizen-echo</subfield><subfield code="w">(DLC)sn 88074678</subfield><subfield code="w">(OCoLC)18347429</subfield></datafield><datafield ind1="1" ind2=" " tag="029"><subfield code="a">AU@</subfield><subfield code="b">000020517450</subfield></datafield></record>